
    <zs:record>
      <zs:recordSchema/>
      <zs:recordPacking>xml</zs:recordPacking>
      <zs:recordData>
        <record xmlns="http://www.loc.gov/MARC21/slim">
          <leader>01641cem a2200385 i 4500</leader>
          <controlfield tag="001">18123052</controlfield>
          <controlfield tag="005">20230215070033.0</controlfield>
          <controlfield tag="007">aj aazba</controlfield>
          <controlfield tag="008">140421s1907    nyud      a     0   eng  </controlfield>
          <datafield tag="906" ind1=" " ind2=" ">
            <subfield code="a">7</subfield>
            <subfield code="b">cbc</subfield>
            <subfield code="c">orignew</subfield>
            <subfield code="d">u</subfield>
            <subfield code="e">ncip</subfield>
            <subfield code="f">20</subfield>
            <subfield code="g">y-geogmaps</subfield>
          </datafield>
          <datafield tag="925" ind1="1" ind2=" ">
            <subfield code="a">acquire</subfield>
            <subfield code="b">1 shelf copy</subfield>
            <subfield code="x">policy default</subfield>
          </datafield>
          <datafield tag="955" ind1=" " ind2=" ">
            <subfield code="a">ga84 2014-04-21;</subfield>
            <subfield code="i">ga15 2023-02-15 sent to CMT</subfield>
          </datafield>
          <datafield tag="010" ind1=" " ind2=" ">
            <subfield code="a">  2014587731</subfield>
          </datafield>
          <datafield tag="034" ind1="1" ind2=" ">
            <subfield code="a">a</subfield>
            <subfield code="b">1000000</subfield>
            <subfield code="d">E0350000</subfield>
            <subfield code="e">E0380000</subfield>
            <subfield code="f">N0370000</subfield>
            <subfield code="g">N0320000</subfield>
          </datafield>
          <datafield tag="040" ind1=" " ind2=" ">
            <subfield code="a">DLC</subfield>
            <subfield code="b">eng</subfield>
            <subfield code="c">DLC</subfield>
            <subfield code="e">rda</subfield>
          </datafield>
          <datafield tag="050" ind1="0" ind2="0">
            <subfield code="a">G7461.A85 1907</subfield>
            <subfield code="b">.B4</subfield>
          </datafield>
          <datafield tag="052" ind1=" " ind2=" ">
            <subfield code="a">7461</subfield>
          </datafield>
          <datafield tag="100" ind1="1" ind2=" ">
            <subfield code="a">Bell, Gertrude Lowthian,</subfield>
            <subfield code="d">1868-1926.</subfield>
          </datafield>
          <datafield tag="245" ind1="1" ind2="0">
            <subfield code="a">Syria :</subfield>
            <subfield code="b">based by permission of Dr. Garrett upon the corrected version of Dr. Kiepert's map to be published by the Princeton University Expedition and by permission of Karl J. Trübner of Strassburg upon Dr. Brunnow's map of the East Jordan Territory.</subfield>
          </datafield>
          <datafield tag="255" ind1=" " ind2=" ">
            <subfield code="a">Scale 1:1,000,000 ;</subfield>
            <subfield code="c">(E 35°--E 38°/N 37°--N 32°).</subfield>
          </datafield>
          <datafield tag="264" ind1=" " ind2="1">
            <subfield code="a">[New York] :</subfield>
            <subfield code="b">[E.P. Dutton and Co.],</subfield>
            <subfield code="c">[1907]</subfield>
          </datafield>
          <datafield tag="300" ind1=" " ind2=" ">
            <subfield code="a">1 map :</subfield>
            <subfield code="b">photocopy ;</subfield>
            <subfield code="c">55 x 33 cm</subfield>
          </datafield>
          <datafield tag="336" ind1=" " ind2=" ">
            <subfield code="a">cartographic image</subfield>
            <subfield code="b">cri</subfield>
            <subfield code="2">rdacontent</subfield>
          </datafield>
          <datafield tag="337" ind1=" " ind2=" ">
            <subfield code="a">unmediated</subfield>
            <subfield code="b">n</subfield>
            <subfield code="2">rdamedia</subfield>
          </datafield>
          <datafield tag="338" ind1=" " ind2=" ">
            <subfield code="a">sheet</subfield>
            <subfield code="b">nb</subfield>
            <subfield code="2">rdacarrier</subfield>
          </datafield>
          <datafield tag="500" ind1=" " ind2=" ">
            <subfield code="a">Relief shown by hachures.</subfield>
          </datafield>
          <datafield tag="500" ind1=" " ind2=" ">
            <subfield code="a">"The author's route is marked in red."</subfield>
          </datafield>
          <datafield tag="500" ind1=" " ind2=" ">
            <subfield code="a">"Detached from: "Syria, the desert &amp; the swon" by Gertrude Lowthian Bell. New York, E.P. Dutton and Co., 1907."</subfield>
          </datafield>
          <datafield tag="651" ind1=" " ind2="0">
            <subfield code="a">Syria</subfield>
            <subfield code="v">Maps.</subfield>
          </datafield>
          <datafield tag="655" ind1=" " ind2="7">
            <subfield code="a">Maps.</subfield>
            <subfield code="2">lcgft</subfield>
          </datafield>
          <datafield tag="700" ind1="1" ind2=" ">
            <subfield code="a">Garrett, Robert,</subfield>
            <subfield code="d">1875-1961</subfield>
          </datafield>
          <datafield tag="700" ind1="1" ind2=" ">
            <subfield code="a">Kiepert, Heinrich,</subfield>
            <subfield code="d">1818-1899.</subfield>
          </datafield>
          <datafield tag="700" ind1="1" ind2=" ">
            <subfield code="a">Trübner, Karl J.</subfield>
          </datafield>
          <datafield tag="700" ind1="1" ind2=" ">
            <subfield code="a">Brünnow, Rudolf-Ernst,</subfield>
            <subfield code="d">1858-1917.</subfield>
          </datafield>
          <datafield tag="710" ind1="2" ind2=" ">
            <subfield code="a">E.P. Dutton (Firm).</subfield>
          </datafield>
        </record>
      </zs:recordData>
      <zs:recordPosition>34</zs:recordPosition>
    </zs:record>