
    <zs:record>
      <zs:recordSchema/>
      <zs:recordPacking>xml</zs:recordPacking>
      <zs:recordData>
        <record xmlns="http://www.loc.gov/MARC21/slim">
          <leader>01428cam a2200325 i 4500</leader>
          <controlfield tag="001">22254068</controlfield>
          <controlfield tag="005">20221128133905.0</controlfield>
          <controlfield tag="008">210927s2021    nyua          001 0 eng  </controlfield>
          <datafield tag="906" ind1=" " ind2=" ">
            <subfield code="a">7</subfield>
            <subfield code="b">cbc</subfield>
            <subfield code="c">origres</subfield>
            <subfield code="d">2</subfield>
            <subfield code="e">ncip</subfield>
            <subfield code="f">20</subfield>
            <subfield code="g">y-gencatlg</subfield>
          </datafield>
          <datafield tag="925" ind1="0" ind2=" ">
            <subfield code="a">acquire</subfield>
            <subfield code="b">1 shelf copy</subfield>
            <subfield code="x">policy default</subfield>
          </datafield>
          <datafield tag="955" ind1=" " ind2=" ">
            <subfield code="b">xn19 2021-09-27 z-processor to USASH</subfield>
            <subfield code="c">rk24 2022-03-24</subfield>
            <subfield code="d">rf26  2022-11-28</subfield>
            <subfield code="w">rf26 2022-11-28 Copy 1 to CMD</subfield>
          </datafield>
          <datafield tag="010" ind1=" " ind2=" ">
            <subfield code="a">  2021354513</subfield>
          </datafield>
          <datafield tag="020" ind1=" " ind2=" ">
            <subfield code="a">9781536191387</subfield>
            <subfield code="q">(hbk.)</subfield>
          </datafield>
          <datafield tag="040" ind1=" " ind2=" ">
            <subfield code="a">DLC</subfield>
            <subfield code="b">eng</subfield>
            <subfield code="e">rda</subfield>
            <subfield code="c">DLC</subfield>
          </datafield>
          <datafield tag="042" ind1=" " ind2=" ">
            <subfield code="a">pcc</subfield>
          </datafield>
          <datafield tag="043" ind1=" " ind2=" ">
            <subfield code="a">a-sy---</subfield>
          </datafield>
          <datafield tag="050" ind1="0" ind2="0">
            <subfield code="a">DS94</subfield>
            <subfield code="b">.B42 2021</subfield>
          </datafield>
          <datafield tag="082" ind1="0" ind2="0">
            <subfield code="a">915.69/1043</subfield>
            <subfield code="2">23/eng/20221128</subfield>
          </datafield>
          <datafield tag="100" ind1="1" ind2=" ">
            <subfield code="a">Bell, Gertrude Lowthian,</subfield>
            <subfield code="d">1868-1926.</subfield>
          </datafield>
          <datafield tag="245" ind1="1" ind2="0">
            <subfield code="a">Syria, the desert and the sown /</subfield>
            <subfield code="c">Gertrude Margaret Lowthian Bell.</subfield>
          </datafield>
          <datafield tag="264" ind1=" " ind2="1">
            <subfield code="a">New York :</subfield>
            <subfield code="b">Snova,</subfield>
            <subfield code="c">[2021]</subfield>
          </datafield>
          <datafield tag="300" ind1=" " ind2=" ">
            <subfield code="a">xx, 322 pages :</subfield>
            <subfield code="b">illustrations ;</subfield>
            <subfield code="c">24 cm</subfield>
          </datafield>
          <datafield tag="336" ind1=" " ind2=" ">
            <subfield code="a">text</subfield>
            <subfield code="b">txt</subfield>
            <subfield code="2">rdacontent</subfield>
          </datafield>
          <datafield tag="337" ind1=" " ind2=" ">
            <subfield code="a">unmediated</subfield>
            <subfield code="b">n</subfield>
            <subfield code="2">rdamedia</subfield>
          </datafield>
          <datafield tag="338" ind1=" " ind2=" ">
            <subfield code="a">volume</subfield>
            <subfield code="b">nc</subfield>
            <subfield code="2">rdacarrier</subfield>
          </datafield>
          <datafield tag="500" ind1=" " ind2=" ">
            <subfield code="a">"This is an edited, augmented and reformatted version of "Syria, the desert and the sown" by Gertrude Margaret Lowthian Bell, originally published by New York,  E.P. Dutton and company, dated 1907."--Preface.</subfield>
          </datafield>
          <datafield tag="500" ind1=" " ind2=" ">
            <subfield code="a">Includes index.</subfield>
          </datafield>
          <datafield tag="651" ind1=" " ind2="0">
            <subfield code="a">Syria</subfield>
            <subfield code="x">Description and travel.</subfield>
          </datafield>
          <datafield tag="651" ind1=" " ind2="0">
            <subfield code="a">Syria</subfield>
            <subfield code="x">Social life and customs.</subfield>
          </datafield>
          <datafield tag="775" ind1="0" ind2="8">
            <subfield code="i">Revision of:</subfield>
            <subfield code="a">Bell, Gertrude Lowthian, 1868-1926.</subfield>
            <subfield code="t">Syria, the desert and the sown.</subfield>
            <subfield code="d">New York : E.P. Dutton and company, 1907.</subfield>
          </datafield>
        </record>
      </zs:recordData>
      <zs:recordPosition>37</zs:recordPosition>
    </zs:record>