
    <zs:record>
      <zs:recordSchema/>
      <zs:recordPacking>xml</zs:recordPacking>
      <zs:recordData>
        <record xmlns="http://www.loc.gov/MARC21/slim">
          <leader>01304cam a22002892  4500</leader>
          <controlfield tag="001">8700047</controlfield>
          <controlfield tag="005">20111025123536.0</controlfield>
          <controlfield tag="008">810220s1910    tu af         000 0 fre  </controlfield>
          <datafield tag="906" ind1=" " ind2=" ">
            <subfield code="a">0</subfield>
            <subfield code="b">cbc</subfield>
            <subfield code="c">premver</subfield>
            <subfield code="d">u</subfield>
            <subfield code="e">ncip</subfield>
            <subfield code="f">19</subfield>
            <subfield code="g">y-gencatlg</subfield>
          </datafield>
          <datafield tag="010" ind1=" " ind2=" ">
            <subfield code="a">   12028686 </subfield>
          </datafield>
          <datafield tag="040" ind1=" " ind2=" ">
            <subfield code="a">DLC</subfield>
            <subfield code="c">CarP</subfield>
            <subfield code="d">DLC</subfield>
          </datafield>
          <datafield tag="050" ind1="0" ind2="0">
            <subfield code="a">NA1468.D5</subfield>
            <subfield code="b">B4</subfield>
          </datafield>
          <datafield tag="100" ind1="1" ind2=" ">
            <subfield code="a">Berchem, Max van,</subfield>
            <subfield code="d">1863-1921.</subfield>
          </datafield>
          <datafield tag="245" ind1="1" ind2="0">
            <subfield code="a">Amida: Matériaux pour l'épigraphie et l'histoire musulmanes du Diyar-bekr,</subfield>
            <subfield code="c">par Max van Bercham; Beiträge zur kunstgeschichte des mittelaters von Nordmesopotamien, Hellas und dem Abendlande, von Josef Strzygarvski; mit einen beitrage: "The churches and monasteries of the fur Abdin", von Gertrude L. Bell; XXIII tafeln in lichtdruck und 330 textabbildungen.</subfield>
          </datafield>
          <datafield tag="260" ind1=" " ind2=" ">
            <subfield code="a">Heidelberg,</subfield>
            <subfield code="b">C. Winter; [etc., etc.]</subfield>
            <subfield code="c">1910.</subfield>
          </datafield>
          <datafield tag="300" ind1=" " ind2=" ">
            <subfield code="a">5 p.l., [3]-390, [2] p.</subfield>
            <subfield code="b">illus., xxiii pl.</subfield>
            <subfield code="c">34 cm.</subfield>
          </datafield>
          <datafield tag="651" ind1=" " ind2="0">
            <subfield code="a">Diyarbakır (Turkey)</subfield>
          </datafield>
          <datafield tag="650" ind1=" " ind2="0">
            <subfield code="a">Architecture</subfield>
            <subfield code="z">Iraq.</subfield>
          </datafield>
          <datafield tag="650" ind1=" " ind2="0">
            <subfield code="a">Church architecture</subfield>
            <subfield code="z">Iraq.</subfield>
          </datafield>
          <datafield tag="651" ind1=" " ind2="0">
            <subfield code="a">Iraq</subfield>
            <subfield code="x">Antiquities.</subfield>
          </datafield>
          <datafield tag="650" ind1=" " ind2="0">
            <subfield code="a">Islamic decoration and ornament</subfield>
            <subfield code="z">Iraq.</subfield>
          </datafield>
          <datafield tag="650" ind1=" " ind2="0">
            <subfield code="a">Inscriptions</subfield>
            <subfield code="z">Iraq.</subfield>
          </datafield>
          <datafield tag="700" ind1="1" ind2=" ">
            <subfield code="a">Strzygowski, Josef,</subfield>
            <subfield code="d">1862-1941.</subfield>
          </datafield>
          <datafield tag="700" ind1="1" ind2=" ">
            <subfield code="a">Bell, Gertrude Lowthian,</subfield>
            <subfield code="d">1868-1926.</subfield>
          </datafield>
          <datafield tag="700" ind1="1" ind2=" ">
            <subfield code="a">Schroeder, Leopold von,</subfield>
            <subfield code="d">1851-1920.</subfield>
          </datafield>
          <datafield tag="985" ind1=" " ind2=" ">
            <subfield code="f">cc11</subfield>
            <subfield code="g">enh</subfield>
          </datafield>
          <datafield tag="991" ind1=" " ind2=" ">
            <subfield code="b">c-GenColl</subfield>
            <subfield code="h">NA1468.D5</subfield>
            <subfield code="i">B4</subfield>
            <subfield code="t">Copy 1</subfield>
            <subfield code="w">PREM</subfield>
          </datafield>
        </record>
      </zs:recordData>
      <zs:recordPosition>39</zs:recordPosition>
    </zs:record>