
    <zs:record>
      <zs:recordSchema/>
      <zs:recordPacking>xml</zs:recordPacking>
      <zs:recordData>
        <record xmlns="http://www.loc.gov/MARC21/slim">
          <leader>01435cam a22003134a 4500</leader>
          <controlfield tag="001">13419727</controlfield>
          <controlfield tag="005">20130529123430.0</controlfield>
          <controlfield tag="008">031201s2004    vtua     b    001 0 eng  </controlfield>
          <datafield tag="906" ind1=" " ind2=" ">
            <subfield code="a">7</subfield>
            <subfield code="b">cbc</subfield>
            <subfield code="c">orignew</subfield>
            <subfield code="d">1</subfield>
            <subfield code="e">ecip</subfield>
            <subfield code="f">20</subfield>
            <subfield code="g">y-gencatlg</subfield>
          </datafield>
          <datafield tag="925" ind1="0" ind2=" ">
            <subfield code="a">acquire</subfield>
            <subfield code="b">2 shelf copies</subfield>
            <subfield code="x">policy default</subfield>
          </datafield>
          <datafield tag="955" ind1=" " ind2=" ">
            <subfield code="a">sh20 2003-12-01</subfield>
            <subfield code="c">sh20 2003-12-01</subfield>
            <subfield code="a">sh06 2003-12-05 ECIP to RCCD/MENA</subfield>
            <subfield code="a">yh55 2003-12-08 to subj.</subfield>
            <subfield code="d">yh59 2003-12-08</subfield>
            <subfield code="e">yh31 2003-12-10 to Dewey</subfield>
            <subfield code="a">aa15 2003-12-10</subfield>
            <subfield code="a">ps13 2004-07-01 1 copy rec'd., to CIP ver.</subfield>
            <subfield code="a">yh06 2004-07-06</subfield>
            <subfield code="f">yh06 2004-07-06</subfield>
            <subfield code="g">yh06 2004-07-06 Copy 1 to BCCD</subfield>
            <subfield code="a">xb05 2009-02-25 copy 2 added</subfield>
          </datafield>
          <datafield tag="010" ind1=" " ind2=" ">
            <subfield code="a">  2003026092</subfield>
          </datafield>
          <datafield tag="020" ind1=" " ind2=" ">
            <subfield code="a">1594730091</subfield>
          </datafield>
          <datafield tag="040" ind1=" " ind2=" ">
            <subfield code="a">DLC</subfield>
            <subfield code="c">DLC</subfield>
            <subfield code="d">DLC</subfield>
          </datafield>
          <datafield tag="041" ind1="1" ind2=" ">
            <subfield code="a">eng</subfield>
            <subfield code="h">per</subfield>
          </datafield>
          <datafield tag="042" ind1=" " ind2=" ">
            <subfield code="a">pcc</subfield>
          </datafield>
          <datafield tag="050" ind1="0" ind2="0">
            <subfield code="a">PK6465.Z31</subfield>
            <subfield code="b">B4 2004</subfield>
          </datafield>
          <datafield tag="082" ind1="0" ind2="0">
            <subfield code="a">891/.5511</subfield>
            <subfield code="2">22</subfield>
          </datafield>
          <datafield tag="100" ind1="0" ind2=" ">
            <subfield code="a">Ḥāfiẓ,</subfield>
            <subfield code="d">active 14th century.</subfield>
          </datafield>
          <datafield tag="240" ind1="1" ind2="0">
            <subfield code="a">Dīvān.</subfield>
            <subfield code="k">Selections.</subfield>
            <subfield code="l">English</subfield>
          </datafield>
          <datafield tag="245" ind1="1" ind2="0">
            <subfield code="a">Hafiz :</subfield>
            <subfield code="b">the mystic poets /</subfield>
            <subfield code="c">translated and with notes by Gertrude Bell ; with a preface by Ibrahim Gamard.</subfield>
          </datafield>
          <datafield tag="260" ind1=" " ind2=" ">
            <subfield code="a">Woodstock, Vt. :</subfield>
            <subfield code="b">SkyLight Paths Pub.,</subfield>
            <subfield code="c">2004.</subfield>
          </datafield>
          <datafield tag="300" ind1=" " ind2=" ">
            <subfield code="a">123 p. :</subfield>
            <subfield code="b">ill. ;</subfield>
            <subfield code="c">20 cm.</subfield>
          </datafield>
          <datafield tag="440" ind1=" " ind2="4">
            <subfield code="a">The mystic poets series</subfield>
          </datafield>
          <datafield tag="504" ind1=" " ind2=" ">
            <subfield code="a">Includes bibliographical references (p. 115-116) and indexes.</subfield>
          </datafield>
          <datafield tag="650" ind1=" " ind2="0">
            <subfield code="a">Sufi poetry, Persian</subfield>
            <subfield code="v">Translations into English.</subfield>
          </datafield>
          <datafield tag="700" ind1="1" ind2=" ">
            <subfield code="a">Bell, Gertrude Lowthian,</subfield>
            <subfield code="d">1868-1926.</subfield>
          </datafield>
          <datafield tag="700" ind1="1" ind2=" ">
            <subfield code="a">Gamard, Ibrahim.</subfield>
          </datafield>
          <datafield tag="856" ind1="4" ind2="1">
            <subfield code="3">Table of contents</subfield>
            <subfield code="u">http://www.loc.gov/catdir/toc/ecip0411/2003026092.html</subfield>
          </datafield>
        </record>
      </zs:recordData>
      <zs:recordPosition>42</zs:recordPosition>
    </zs:record>