
    <zs:record>
      <zs:recordSchema/>
      <zs:recordPacking>xml</zs:recordPacking>
      <zs:recordData>
        <record xmlns="http://www.loc.gov/MARC21/slim">
          <leader>01391cam a22003251  4500</leader>
          <controlfield tag="001">6721548</controlfield>
          <controlfield tag="005">20200702161612.0</controlfield>
          <controlfield tag="008">860127s1962    ir a          000 0 eng  </controlfield>
          <datafield tag="906" ind1=" " ind2=" ">
            <subfield code="a">7</subfield>
            <subfield code="b">cbc</subfield>
            <subfield code="c">premver</subfield>
            <subfield code="d">u</subfield>
            <subfield code="e">ncip</subfield>
            <subfield code="f">19</subfield>
            <subfield code="g">y-gencatlg</subfield>
          </datafield>
          <datafield tag="955" ind1=" " ind2=" ">
            <subfield code="u">cm03 2020-07-02 (update: add vernacular) (TW situational) ASME premarc upgrade project</subfield>
          </datafield>
          <datafield tag="010" ind1=" " ind2=" ">
            <subfield code="a">   79971565 </subfield>
          </datafield>
          <datafield tag="035" ind1=" " ind2=" ">
            <subfield code="9">(DLC)   79971565</subfield>
          </datafield>
          <datafield tag="040" ind1=" " ind2=" ">
            <subfield code="a">DLC</subfield>
            <subfield code="c">CarP</subfield>
            <subfield code="d">DLC</subfield>
          </datafield>
          <datafield tag="041" ind1="1" ind2=" ">
            <subfield code="a">eng</subfield>
            <subfield code="a">per</subfield>
            <subfield code="h">per</subfield>
          </datafield>
          <datafield tag="050" ind1="0" ind2="0">
            <subfield code="a">PK6465.Z31</subfield>
            <subfield code="b">B4 1962</subfield>
          </datafield>
          <datafield tag="066" ind1=" " ind2=" ">
            <subfield code="c">(3</subfield>
            <subfield code="c">(4</subfield>
          </datafield>
          <datafield tag="100" ind1="0" ind2=" ">
            <subfield code="a">Ḥāfiẓ,</subfield>
            <subfield code="d">active 14th century.</subfield>
          </datafield>
          <datafield tag="240" ind1="1" ind2="0">
            <subfield code="a">Dīvān.</subfield>
            <subfield code="k">Selections.</subfield>
            <subfield code="l">English</subfield>
            <subfield code="s">(Bell)</subfield>
          </datafield>
          <datafield tag="245" ind1="1" ind2="0">
            <subfield code="a">Poems from the Divan of Hafiz,</subfield>
            <subfield code="c">written by the calligrapher Mohammad Hossein Schirāzi Katib al-Soltān; tr. by Gertrude L. Bell.</subfield>
          </datafield>
          <datafield tag="246" ind1="1" ind2="5">
            <subfield code="6">880-01</subfield>
            <subfield code="a">Chand ghazal az Dīvān-i Ḥāfiẓ</subfield>
          </datafield>
          <datafield tag="880" ind1="1" ind2="5">
            <subfield code="6">246-01/(4/r‏</subfield>
            <subfield code="a">‏چند غزل از ديوان حافظ</subfield>
          </datafield>
          <datafield tag="260" ind1=" " ind2=" ">
            <subfield code="a">[Tehrān],</subfield>
            <subfield code="b">[Book Friends Society],</subfield>
            <subfield code="c">[1962]</subfield>
          </datafield>
          <datafield tag="300" ind1=" " ind2=" ">
            <subfield code="a">101, 103 p. :</subfield>
            <subfield code="b">ill. ;</subfield>
            <subfield code="c">29 cm.</subfield>
          </datafield>
          <datafield tag="500" ind1=" " ind2=" ">
            <subfield code="a">Romanized.</subfield>
          </datafield>
          <datafield tag="515" ind1=" " ind2=" ">
            <subfield code="a">Pages also numbered [9]-103 in Arabic numeral characters.</subfield>
          </datafield>
          <datafield tag="546" ind1=" " ind2=" ">
            <subfield code="a">Persian and English on opposite pages.</subfield>
          </datafield>
          <datafield tag="700" ind1="1" ind2=" ">
            <subfield code="a">Shīrāzī, Muḥammad Ḥusayn,</subfield>
            <subfield code="d">active 19th century.</subfield>
          </datafield>
          <datafield tag="700" ind1="1" ind2=" ">
            <subfield code="a">Bell, Gertrude Lowthian,</subfield>
            <subfield code="d">1868-1926.</subfield>
          </datafield>
          <datafield tag="700" ind1="0" ind2="2">
            <subfield code="a">Ḥāfiẓ,</subfield>
            <subfield code="d">active 14th century.</subfield>
            <subfield code="t">Dīvān.</subfield>
            <subfield code="k">Selections.</subfield>
          </datafield>
          <datafield tag="991" ind1=" " ind2=" ">
            <subfield code="b">c-GenColl</subfield>
            <subfield code="h">PK6465.Z31</subfield>
            <subfield code="i">B4 1962</subfield>
            <subfield code="t">Copy 1</subfield>
            <subfield code="w">PREM</subfield>
          </datafield>
        </record>
      </zs:recordData>
      <zs:recordPosition>44</zs:recordPosition>
    </zs:record>