
    <zs:record>
      <zs:recordSchema/>
      <zs:recordPacking>xml</zs:recordPacking>
      <zs:recordData>
        <record xmlns="http://www.loc.gov/MARC21/slim">
          <leader>01470cam a2200301 i 4500</leader>
          <controlfield tag="001">19085000</controlfield>
          <controlfield tag="005">20160620084244.0</controlfield>
          <controlfield tag="008">080606r20081909pau      b    001 0 eng  </controlfield>
          <datafield tag="906" ind1=" " ind2=" ">
            <subfield code="a">7</subfield>
            <subfield code="b">cbc</subfield>
            <subfield code="c">orignew</subfield>
            <subfield code="d">1</subfield>
            <subfield code="e">ecip</subfield>
            <subfield code="f">20</subfield>
            <subfield code="g">y-gencatlg</subfield>
          </datafield>
          <datafield tag="925" ind1="0" ind2=" ">
            <subfield code="a">acquire</subfield>
            <subfield code="b">1 shelf copy</subfield>
            <subfield code="x">Sel/rjc, 2016-05-06</subfield>
            <subfield code="e">claim1  2010-02-17</subfield>
            <subfield code="e">claim2  2010-06-18</subfield>
            <subfield code="e">to CAD  2010-10-19</subfield>
          </datafield>
          <datafield tag="955" ind1=" " ind2=" ">
            <subfield code="a">jh00 2008-06-06;</subfield>
            <subfield code="c">jh32 2008-06-06</subfield>
            <subfield code="d">jh12 2008-06-06</subfield>
            <subfield code="e">jh12 2008-06-06 to Dewey</subfield>
            <subfield code="a">aa17 2008-06-17</subfield>
            <subfield code="a">td06 2016-05-06 restore record</subfield>
            <subfield code="a">xn12 2016-06-09 1 copy rec'd., to CIP ver.</subfield>
            <subfield code="f">rk05 2016-06-20 to CALM (telework)</subfield>
          </datafield>
          <datafield tag="010" ind1=" " ind2=" ">
            <subfield code="a">  2008025328</subfield>
          </datafield>
          <datafield tag="020" ind1=" " ind2=" ">
            <subfield code="a">9781934536056 (hardcover : alk. paper)</subfield>
          </datafield>
          <datafield tag="040" ind1=" " ind2=" ">
            <subfield code="a">DLC</subfield>
            <subfield code="c">DLC</subfield>
            <subfield code="d">DLC</subfield>
          </datafield>
          <datafield tag="043" ind1=" " ind2=" ">
            <subfield code="a">a-tu---</subfield>
          </datafield>
          <datafield tag="050" ind1="0" ind2="0">
            <subfield code="a">NA5871.K66</subfield>
            <subfield code="b">R36 2008</subfield>
          </datafield>
          <datafield tag="082" ind1="0" ind2="0">
            <subfield code="a">726.509564</subfield>
            <subfield code="2">22</subfield>
          </datafield>
          <datafield tag="100" ind1="1" ind2=" ">
            <subfield code="a">Ramsay, William Mitchell,</subfield>
            <subfield code="c">Sir,</subfield>
            <subfield code="d">1851-1939.</subfield>
          </datafield>
          <datafield tag="245" ind1="1" ind2="4">
            <subfield code="a">The thousand and one churches /</subfield>
            <subfield code="c">by W.M. Ramsay and Gertrude L. Bell ; foreword by Robert G. Ousterhout &amp; Mark P.C. Jackson.</subfield>
          </datafield>
          <datafield tag="260" ind1=" " ind2=" ">
            <subfield code="a">Philadelphia :</subfield>
            <subfield code="b">University of Pennsylvania Museum of Archaeology and Anthropology,</subfield>
            <subfield code="c">c2008.</subfield>
          </datafield>
          <datafield tag="300" ind1=" " ind2=" ">
            <subfield code="a">xxxiv, 580 p. ;</subfield>
            <subfield code="c">24 cm</subfield>
          </datafield>
          <datafield tag="500" ind1=" " ind2=" ">
            <subfield code="a">Originally published: London : Hodder and Stoughton, 1909.</subfield>
          </datafield>
          <datafield tag="504" ind1=" " ind2=" ">
            <subfield code="a">Includes bibliographical references and index.</subfield>
          </datafield>
          <datafield tag="650" ind1=" " ind2="0">
            <subfield code="a">Architecture, Early Christian</subfield>
            <subfield code="z">Turkey</subfield>
            <subfield code="z">Konya.</subfield>
          </datafield>
          <datafield tag="650" ind1=" " ind2="0">
            <subfield code="a">Church architecture</subfield>
            <subfield code="z">Turkey</subfield>
            <subfield code="z">Konya.</subfield>
          </datafield>
          <datafield tag="650" ind1=" " ind2="0">
            <subfield code="a">Christian antiquities</subfield>
            <subfield code="z">Turkey.</subfield>
          </datafield>
          <datafield tag="651" ind1=" " ind2="0">
            <subfield code="a">Turkey</subfield>
            <subfield code="x">Antiquities.</subfield>
          </datafield>
          <datafield tag="700" ind1="1" ind2=" ">
            <subfield code="a">Bell, Gertrude Lowthian,</subfield>
            <subfield code="d">1868-1926..</subfield>
          </datafield>
        </record>
      </zs:recordData>
      <zs:recordPosition>48</zs:recordPosition>
    </zs:record>