
    <zs:record>
      <zs:recordSchema/>
      <zs:recordPacking>xml</zs:recordPacking>
      <zs:recordData>
        <record xmlns="http://www.loc.gov/MARC21/slim">
          <leader>01696cem a2200385 i 4500</leader>
          <controlfield tag="001">17735908</controlfield>
          <controlfield tag="005">20150519162155.0</controlfield>
          <controlfield tag="007">aj canzn</controlfield>
          <controlfield tag="008">130513s1910    enkd      a     0   eng  </controlfield>
          <datafield tag="906" ind1=" " ind2=" ">
            <subfield code="a">7</subfield>
            <subfield code="b">cbc</subfield>
            <subfield code="c">origcop</subfield>
            <subfield code="d">u</subfield>
            <subfield code="e">ncip</subfield>
            <subfield code="f">20</subfield>
            <subfield code="g">y-geogmaps</subfield>
          </datafield>
          <datafield tag="955" ind1=" " ind2=" ">
            <subfield code="a">ga84 2013-05-13; ga37 2015-05-19 sent to CMT</subfield>
          </datafield>
          <datafield tag="010" ind1=" " ind2=" ">
            <subfield code="a">  2013594592</subfield>
          </datafield>
          <datafield tag="034" ind1="1" ind2=" ">
            <subfield code="a">a</subfield>
            <subfield code="b">1250000</subfield>
            <subfield code="d">E0380000</subfield>
            <subfield code="e">E0420000</subfield>
            <subfield code="f">N0370000</subfield>
            <subfield code="g">N0340000</subfield>
          </datafield>
          <datafield tag="034" ind1="1" ind2=" ">
            <subfield code="a">a</subfield>
            <subfield code="b">10000000</subfield>
            <subfield code="d">E0350000</subfield>
            <subfield code="e">E0500000</subfield>
            <subfield code="f">N0350000</subfield>
            <subfield code="g">N0300000</subfield>
          </datafield>
          <datafield tag="040" ind1=" " ind2=" ">
            <subfield code="a">DLC</subfield>
            <subfield code="b">eng</subfield>
            <subfield code="c">DLC</subfield>
            <subfield code="d">DLC</subfield>
            <subfield code="e">rda</subfield>
          </datafield>
          <datafield tag="050" ind1="0" ind2="0">
            <subfield code="a">G7611.S12 1910</subfield>
            <subfield code="b">.R6</subfield>
          </datafield>
          <datafield tag="052" ind1=" " ind2=" ">
            <subfield code="a">7611</subfield>
          </datafield>
          <datafield tag="052" ind1=" " ind2=" ">
            <subfield code="a">7422</subfield>
            <subfield code="b">E8</subfield>
          </datafield>
          <datafield tag="110" ind1="2" ind2=" ">
            <subfield code="a">Royal Geographical Society (Great Britain)</subfield>
          </datafield>
          <datafield tag="245" ind1="1" ind2="0">
            <subfield code="a">The Euphrates from Jerablus to Hit :</subfield>
            <subfield code="b">showing the route of Miss Gertrude Lowthian Bell along the Eastern bank /</subfield>
            <subfield code="c">published by the Royal Geographical Society.</subfield>
          </datafield>
          <datafield tag="255" ind1=" " ind2=" ">
            <subfield code="a">Scale 1:1,250,000. 1 in. = 19.72 stat. miles</subfield>
            <subfield code="c">(E 38°00ʹ--E 42°00ʹ/N 37°00ʹ--N 34°00ʹ).</subfield>
          </datafield>
          <datafield tag="255" ind1=" " ind2=" ">
            <subfield code="a">Scale 1:10,000,000. 1 in. = 284 stat. miles</subfield>
            <subfield code="c">(E 35°00ʹ--E 50°00ʹ/N 35°00ʹ--N 30°00ʹ).</subfield>
          </datafield>
          <datafield tag="264" ind1=" " ind2="1">
            <subfield code="a">[London] :</subfield>
            <subfield code="b">Royal Geographical Society,</subfield>
            <subfield code="c">1910.</subfield>
          </datafield>
          <datafield tag="300" ind1=" " ind2=" ">
            <subfield code="a">1 map :</subfield>
            <subfield code="b">mounted on cloth, color ;</subfield>
            <subfield code="c">33 x 43 cm</subfield>
          </datafield>
          <datafield tag="336" ind1=" " ind2=" ">
            <subfield code="a">cartographic image</subfield>
            <subfield code="b">cri</subfield>
            <subfield code="2">rdacontent</subfield>
          </datafield>
          <datafield tag="337" ind1=" " ind2=" ">
            <subfield code="a">unmediated</subfield>
            <subfield code="b">n</subfield>
            <subfield code="2">rdamedia</subfield>
          </datafield>
          <datafield tag="338" ind1=" " ind2=" ">
            <subfield code="a">sheet</subfield>
            <subfield code="b">nb</subfield>
            <subfield code="2">rdacarrier</subfield>
          </datafield>
          <datafield tag="500" ind1=" " ind2=" ">
            <subfield code="a">Relief shown by hachures.</subfield>
          </datafield>
          <datafield tag="500" ind1=" " ind2=" ">
            <subfield code="a">Appears in : The Geographical Journal 1910".</subfield>
          </datafield>
          <datafield tag="500" ind1=" " ind2=" ">
            <subfield code="a">Includes location map and inset "Plan of the mounds of Munbaya."</subfield>
          </datafield>
          <datafield tag="651" ind1=" " ind2="0">
            <subfield code="a">Iraq</subfield>
            <subfield code="x">Discovery and exploration</subfield>
            <subfield code="v">Maps</subfield>
          </datafield>
          <datafield tag="651" ind1=" " ind2="0">
            <subfield code="a">Euphrates River</subfield>
            <subfield code="x">Discovery and exploration</subfield>
            <subfield code="v">Maps.</subfield>
          </datafield>
          <datafield tag="651" ind1=" " ind2="0">
            <subfield code="a">Euphrates River Valley</subfield>
            <subfield code="v">Maps.</subfield>
          </datafield>
          <datafield tag="655" ind1=" " ind2="7">
            <subfield code="a">Maps.</subfield>
            <subfield code="2">lcgft</subfield>
          </datafield>
          <datafield tag="700" ind1="1" ind2=" ">
            <subfield code="a">Bell, Gertrude Lowthian,</subfield>
            <subfield code="d">1868-1926.</subfield>
          </datafield>
        </record>
      </zs:recordData>
      <zs:recordPosition>49</zs:recordPosition>
    </zs:record>
  </zs:records>
  <zs:echoedSearchRetrieveRequest>
    <zs:version>1.1</zs:version>
    <zs:query>dc.creator="Bell, Gertrude" or dc.creator="Bell, Gertrude Lowthian" or dc.creator="Bell, Gertrude Margaret Lowthian"</zs:query>
    <zs:maximumRecords>100</zs:maximumRecords>
    <zs:recordPacking>xml</zs:recordPacking>
  </zs:echoedSearchRetrieveRequest>
</zs:searchRetrieveResponse>
